@article{grassmann1853theorie,
  title={Zur theorie der farbenmischung},
  author={Grassmann, Hermann},
  journal={Annalen der Physik},
  volume={165},
  number={5},
  pages={69--84},
  year={1853},
  publisher={Wiley Online Library}
}

@article{braden1986surveyor,
  title={The surveyor's area formula},
  author={Braden, Bart},
  journal={The College Mathematics Journal},
  volume={17},
  number={4},
  pages={326--337},
  year={1986},
  publisher={Taylor \& Francis}
}